<?xml version="1.0" encoding="UTF-8"?>
<searchRetrieveResponse xmlns="http://www.loc.gov/zing/srw/">
   <version>1.1</version>
   <numberOfRecords>129</numberOfRecords>
   <records>
      <record>
         <recordSchema>info:srw/schema/1/marcxml-v1.1</recordSchema>
         <recordPacking>xml</recordPacking>
         <recordData>
            <marc:record xmlns:marc="http://www.loc.gov/MARC21/slim">
               <marc:leader>01035nmm a22002775u 4500</marc:leader>
               <marc:controlfield tag="001">2873021</marc:controlfield>
               <marc:controlfield tag="003">NyNyACM</marc:controlfield>
               <marc:controlfield tag="005">20160105081729.0</marc:controlfield>
               <marc:controlfield tag="007">cr nn ---mamaa</marc:controlfield>
               <marc:controlfield tag="008">170407s2015    xx         j        eng d</marc:controlfield>
               <marc:datafield tag="020" ind1=" " ind2=" ">
                  <marc:subfield code="a">9781510801042</marc:subfield>
               </marc:datafield>
               <marc:datafield tag="040" ind1=" " ind2=" ">
                  <marc:subfield code="a">Association for Computing Machinery</marc:subfield>
                  <marc:subfield code="c">ACM</marc:subfield>
               </marc:datafield>
               <marc:datafield tag="100" ind1="1" ind2=" ">
                  <marc:subfield code="a">Samuelson, Holly.</marc:subfield>
               </marc:datafield>
               <marc:datafield tag="245" ind1="1" ind2=" ">
                  <marc:subfield code="a">Proceedings of the Symposium on Simulation for Architecture &amp; Urban Design</marc:subfield>
                  <marc:subfield code="h">[electronic resource].</marc:subfield>
               </marc:datafield>
               <marc:datafield tag="246" ind1="3" ind2=" ">
                  <marc:subfield code="a">SimAUD '15</marc:subfield>
               </marc:datafield>
               <marc:datafield tag="260" ind1=" " ind2=" ">
                  <marc:subfield code="a">San Diego, CA :</marc:subfield>
                  <marc:subfield code="b">Society for Computer Simulation International,</marc:subfield>
                  <marc:subfield code="c">2015.</marc:subfield>
               </marc:datafield>
               <marc:datafield tag="300" ind1=" " ind2=" ">
                  <marc:subfield code="a">1 online resource (238 pages)</marc:subfield>
               </marc:datafield>
               <marc:datafield tag="500" ind1=" " ind2=" ">
                  <marc:subfield code="a">Title from The ACM Digital Library.</marc:subfield>
               </marc:datafield>
               <marc:datafield tag="650" ind1=" " ind2=" ">
                  <marc:subfield code="a">Computer science.</marc:subfield>
               </marc:datafield>
               <marc:datafield tag="650" ind1="1" ind2="4">
                  <marc:subfield code="a">Computing Methodologies.</marc:subfield>
               </marc:datafield>
               <marc:datafield tag="650" ind1="2" ind2="4">
                  <marc:subfield code="a">Computer Applications.</marc:subfield>
               </marc:datafield>
               <marc:datafield tag="650" ind1="2" ind2="4">
                  <marc:subfield code="a">Mathematics of Computing.</marc:subfield>
               </marc:datafield>
               <marc:datafield tag="650" ind1="2" ind2="4">
                  <marc:subfield code="a">Information Systems.</marc:subfield>
               </marc:datafield>
               <marc:datafield tag="710" ind1="2" ind2=" ">
                  <marc:subfield code="a">Association for Computing Machinery-Digital Library.</marc:subfield>
               </marc:datafield>
               <marc:datafield tag="710" ind1="2" ind2=" ">
                  <marc:subfield code="a">ACM Special Interest Group on Simulation and Modeling.</marc:subfield>
               </marc:datafield>
               <marc:datafield tag="856" ind1="4" ind2=" ">
                  <marc:subfield code="3">ACM Digital Library</marc:subfield>
                  <marc:subfield code="u">http://dl.acm.org/citation.cfm?id=2873021</marc:subfield>
               </marc:datafield>
            </marc:record>
         </recordData>
         <recordPosition>1</recordPosition>
      </record>