
      <record>
         <recordSchema>info:srw/schema/1/marcxml-v1.1</recordSchema>
         <recordPacking>xml</recordPacking>
         <recordData>
            <marc:record xmlns:marc="http://www.loc.gov/MARC21/slim">
               <marc:leader>00000nam a22000005i 4500</marc:leader>
               <marc:controlfield tag="001">978-1-62703-293-3</marc:controlfield>
               <marc:controlfield tag="003">DE-He213</marc:controlfield>
               <marc:controlfield tag="005">20200709095842.0</marc:controlfield>
               <marc:controlfield tag="007">cr nn 008mamaa</marc:controlfield>
               <marc:controlfield tag="008">130220s2013    xxu|    s    |||| 0|eng d</marc:controlfield>
               <marc:datafield tag="020" ind1=" " ind2=" ">
                  <marc:subfield code="a">9781627032933</marc:subfield>
                  <marc:subfield code="9">978-1-62703-293-3</marc:subfield>
               </marc:datafield>
               <marc:datafield tag="024" ind1="7" ind2=" ">
                  <marc:subfield code="a">10.1007/978-1-62703-293-3</marc:subfield>
                  <marc:subfield code="2">doi</marc:subfield>
               </marc:datafield>
               <marc:datafield tag="050" ind1=" " ind2="4">
                  <marc:subfield code="a">QH345</marc:subfield>
               </marc:datafield>
               <marc:datafield tag="050" ind1=" " ind2="4">
                  <marc:subfield code="a">QD415-436</marc:subfield>
               </marc:datafield>
               <marc:datafield tag="072" ind1=" " ind2="7">
                  <marc:subfield code="a">PSB</marc:subfield>
                  <marc:subfield code="2">bicssc</marc:subfield>
               </marc:datafield>
               <marc:datafield tag="072" ind1=" " ind2="7">
                  <marc:subfield code="a">SCI007000</marc:subfield>
                  <marc:subfield code="2">bisacsh</marc:subfield>
               </marc:datafield>
               <marc:datafield tag="072" ind1=" " ind2="7">
                  <marc:subfield code="a">PSB</marc:subfield>
                  <marc:subfield code="2">thema</marc:subfield>
               </marc:datafield>
               <marc:datafield tag="082" ind1=" " ind2="4">
                  <marc:subfield code="a">572</marc:subfield>
                  <marc:subfield code="2">23</marc:subfield>
               </marc:datafield>
               <marc:datafield tag="245" ind1="1" ind2=" ">
                  <marc:subfield code="a">Enzyme Engineering</marc:subfield>
                  <marc:subfield code="h">[electronic resource] :</marc:subfield>
                  <marc:subfield code="b">Methods and Protocols /</marc:subfield>
                  <marc:subfield code="c">edited by James C. Samuelson.</marc:subfield>
               </marc:datafield>
               <marc:datafield tag="250" ind1=" " ind2=" ">
                  <marc:subfield code="a">1st ed. 2013.</marc:subfield>
               </marc:datafield>
               <marc:datafield tag="264" ind1=" " ind2="1">
                  <marc:subfield code="a">Totowa, NJ :</marc:subfield>
                  <marc:subfield code="b">Humana Press :</marc:subfield>
                  <marc:subfield code="b">Imprint: Humana,</marc:subfield>
                  <marc:subfield code="c">2013.</marc:subfield>
               </marc:datafield>
               <marc:datafield tag="300" ind1=" " ind2=" ">
                  <marc:subfield code="a">XI, 252 p. 52 illus., 19 illus. in color.</marc:subfield>
                  <marc:subfield code="b">online resource.</marc:subfield>
               </marc:datafield>
               <marc:datafield tag="336" ind1=" " ind2=" ">
                  <marc:subfield code="a">text</marc:subfield>
                  <marc:subfield code="b">txt</marc:subfield>
                  <marc:subfield code="2">rdacontent</marc:subfield>
               </marc:datafield>
               <marc:datafield tag="337" ind1=" " ind2=" ">
                  <marc:subfield code="a">computer</marc:subfield>
                  <marc:subfield code="b">c</marc:subfield>
                  <marc:subfield code="2">rdamedia</marc:subfield>
               </marc:datafield>
               <marc:datafield tag="338" ind1=" " ind2=" ">
                  <marc:subfield code="a">online resource</marc:subfield>
                  <marc:subfield code="b">cr</marc:subfield>
                  <marc:subfield code="2">rdacarrier</marc:subfield>
               </marc:datafield>
               <marc:datafield tag="347" ind1=" " ind2=" ">
                  <marc:subfield code="a">text file</marc:subfield>
                  <marc:subfield code="b">PDF</marc:subfield>
                  <marc:subfield code="2">rda</marc:subfield>
               </marc:datafield>
               <marc:datafield tag="490" ind1="1" ind2=" ">
                  <marc:subfield code="a">Methods in Molecular Biology,</marc:subfield>
                  <marc:subfield code="x">1064-3745 ;</marc:subfield>
                  <marc:subfield code="v">978</marc:subfield>
               </marc:datafield>
               <marc:datafield tag="505" ind1=" " ind2=" ">
                  <marc:subfield code="a">A Tripartite Fusion System for the Selection of Protein Variants with Increased Stability in vivo -- Determining Enzyme Kinetics via Isothermal Titration Calorimetry -- GFP Reporter Screens for the Engineering of Amino Acid Degrading Enzymes from Libraries Expressed in Bacteria -- Flow Cytometric Assays for Interrogating LAGLIDADG Homing Endonuclease DNA Binding and Cleavage Properties -- TAL Effector Nuclease (TALEN) Engineering -- In vitro Evolution of Enzymes -- Residue-Specific Incorporation of Unnatural Amino Acids into Proteins In vitro and In vivo -- Reconstructing Evolutionary Adaptive Paths for Protein Engineering -- Oligonucleotide Recombination Enabled Site-Specific Mutagenesis in Bacteria -- FX Cloning: A Versatile High-Throughput Cloning System for Characterization of Enzyme Variants -- Use of Sulfolobus solfataricus PCNA Subunit Proteins to Direct the Assembly of Multimeric Enzyme Complexes -- Gene Synthesis by Assembly of Deoxyuridine Containing Oligonucleotides -- Protein Engineering: Single or Multiple Site-Directed Mutagenesis -- Gene Assembly and Combinatorial Libraries in S. cerevisiae via Reiterative Recombination -- Promiscuity-Based Enzyme Selection for Rational Directed Evolution Experiments -- Rational Protein Sequence Diversification by Multi-Codon Scanning Mutagenesis -- Screening Libraries for Improved Solubility: Using E. coli Dihydrofolate Reductase as a Reporter -- In Vitro Directed Evolution of Enzymes Expressed by E. coli in Micro-Titre Plates.</marc:subfield>
               </marc:datafield>
               <marc:datafield tag="520" ind1=" " ind2=" ">
                  <marc:subfield code="a">Whether the pursuit is commercially motivated or purely academic, engineering a novel biological catalyst is an enticing challenge. High-resolution protein structure analysis allows for rational alteration of enzyme function, yet many useful enzyme variants are the product of well-designed selection schemes or screening strategies. Enzyme Engineering: Methods and Protocols provides guidance to investigators wishing to create enzyme variants with desired properties. This detailed volume covers such topics as a simple method for generating site-specific mutations within bacterial chromosomes. It also highlights the engineering of two difference types of rare-cutting endonucleases that show great potential in gene therapy applications: The newest development is the emergence of TAL effector nucleases or TALENs. Chapters describe newly developed technologies in sufficient detail so that each method can be practiced in a standard molecular biology laboratory. Written in the successful Methods in Molecular Biology™ series format, chapters include introductions to their respective topics, lists of the necessary materials and reagents, step-by-step, readily reproducible protocols, and notes on troubleshooting and avoiding known pitfalls.   Authoritative and easily accessible Enzyme Engineering: Methods and Protocols will be valuable for scientists with a budding interest in protein engineering as well as veterans looking for new approaches to apply in established discovery programs.</marc:subfield>
               </marc:datafield>
               <marc:datafield tag="650" ind1=" " ind2=" ">
                  <marc:subfield code="a">Biochemistry.</marc:subfield>
               </marc:datafield>
               <marc:datafield tag="650" ind1=" " ind2=" ">
                  <marc:subfield code="a">Enzymology.</marc:subfield>
               </marc:datafield>
               <marc:datafield tag="650" ind1="1" ind2="4">
                  <marc:subfield code="a">Biochemistry, general.</marc:subfield>
                  <marc:subfield code="0">https://scigraph.springernature.com/ontologies/product-market-codes/L14005</marc:subfield>
               </marc:datafield>
               <marc:datafield tag="650" ind1="2" ind2="4">
                  <marc:subfield code="a">Enzymology.</marc:subfield>
                  <marc:subfield code="0">https://scigraph.springernature.com/ontologies/product-market-codes/L14070</marc:subfield>
               </marc:datafield>
               <marc:datafield tag="700" ind1="1" ind2=" ">
                  <marc:subfield code="a">Samuelson, James C.</marc:subfield>
                  <marc:subfield code="e">editor.</marc:subfield>
                  <marc:subfield code="4">edt</marc:subfield>
                  <marc:subfield code="4">http://id.loc.gov/vocabulary/relators/edt</marc:subfield>
               </marc:datafield>
               <marc:datafield tag="710" ind1="2" ind2=" ">
                  <marc:subfield code="a">SpringerLink (Online service)</marc:subfield>
               </marc:datafield>
               <marc:datafield tag="773" ind1=" " ind2=" ">
                  <marc:subfield code="t">Springer Nature eBook</marc:subfield>
               </marc:datafield>
               <marc:datafield tag="776" ind1=" " ind2="8">
                  <marc:subfield code="i">Printed edition:</marc:subfield>
                  <marc:subfield code="z">9781627032940</marc:subfield>
               </marc:datafield>
               <marc:datafield tag="776" ind1=" " ind2="8">
                  <marc:subfield code="i">Printed edition:</marc:subfield>
                  <marc:subfield code="z">9781627032926</marc:subfield>
               </marc:datafield>
               <marc:datafield tag="776" ind1=" " ind2="8">
                  <marc:subfield code="i">Printed edition:</marc:subfield>
                  <marc:subfield code="z">9781493962877</marc:subfield>
               </marc:datafield>
               <marc:datafield tag="830" ind1=" " ind2=" ">
                  <marc:subfield code="a">Methods in Molecular Biology,</marc:subfield>
                  <marc:subfield code="x">1064-3745 ;</marc:subfield>
                  <marc:subfield code="v">978</marc:subfield>
               </marc:datafield>
               <marc:datafield tag="856" ind1="4" ind2=" ">
                  <marc:subfield code="u">https://doi.org/10.1007/978-1-62703-293-3</marc:subfield>
               </marc:datafield>
               <marc:datafield tag="912" ind1=" " ind2=" ">
                  <marc:subfield code="a">ZDB-2-PRO</marc:subfield>
               </marc:datafield>
               <marc:datafield tag="950" ind1=" " ind2=" ">
                  <marc:subfield code="a">Springer Protocols (Springer-12345)</marc:subfield>
               </marc:datafield>
            </marc:record>
         </recordData>
         <recordPosition>2</recordPosition>
      </record>