
      <record>
         <recordSchema>info:srw/schema/1/marcxml-v1.1</recordSchema>
         <recordPacking>xml</recordPacking>
         <recordData>
            <marc:record xmlns:marc="http://www.loc.gov/MARC21/slim">
               <marc:leader>00000nam a22000005i 4500</marc:leader>
               <marc:controlfield tag="001">978-981-15-2353-3</marc:controlfield>
               <marc:controlfield tag="003">DE-He213</marc:controlfield>
               <marc:controlfield tag="005">20200701114236.0</marc:controlfield>
               <marc:controlfield tag="007">cr nn 008mamaa</marc:controlfield>
               <marc:controlfield tag="008">200320s2020    si |    s    |||| 0|eng d</marc:controlfield>
               <marc:datafield tag="020" ind1=" " ind2=" ">
                  <marc:subfield code="a">9789811523533</marc:subfield>
                  <marc:subfield code="9">978-981-15-2353-3</marc:subfield>
               </marc:datafield>
               <marc:datafield tag="024" ind1="7" ind2=" ">
                  <marc:subfield code="a">10.1007/978-981-15-2353-3</marc:subfield>
                  <marc:subfield code="2">doi</marc:subfield>
               </marc:datafield>
               <marc:datafield tag="050" ind1=" " ind2="4">
                  <marc:subfield code="a">RA410-410.9</marc:subfield>
               </marc:datafield>
               <marc:datafield tag="072" ind1=" " ind2="7">
                  <marc:subfield code="a">KCQ</marc:subfield>
                  <marc:subfield code="2">bicssc</marc:subfield>
               </marc:datafield>
               <marc:datafield tag="072" ind1=" " ind2="7">
                  <marc:subfield code="a">BUS069000</marc:subfield>
                  <marc:subfield code="2">bisacsh</marc:subfield>
               </marc:datafield>
               <marc:datafield tag="072" ind1=" " ind2="7">
                  <marc:subfield code="a">KCVJ</marc:subfield>
                  <marc:subfield code="2">thema</marc:subfield>
               </marc:datafield>
               <marc:datafield tag="082" ind1=" " ind2="4">
                  <marc:subfield code="a">338.473621</marc:subfield>
                  <marc:subfield code="2">23</marc:subfield>
               </marc:datafield>
               <marc:datafield tag="245" ind1="1" ind2=" ">
                  <marc:subfield code="a">Measuring, Understanding and Improving Wellbeing Among Older People</marc:subfield>
                  <marc:subfield code="h">[electronic resource] /</marc:subfield>
                  <marc:subfield code="c">edited by Sefa Awaworyi Churchill, Lisa Farrell, Samuelson Appau.</marc:subfield>
               </marc:datafield>
               <marc:datafield tag="250" ind1=" " ind2=" ">
                  <marc:subfield code="a">1st ed. 2020.</marc:subfield>
               </marc:datafield>
               <marc:datafield tag="264" ind1=" " ind2="1">
                  <marc:subfield code="a">Singapore :</marc:subfield>
                  <marc:subfield code="b">Springer Singapore :</marc:subfield>
                  <marc:subfield code="b">Imprint: Palgrave Macmillan,</marc:subfield>
                  <marc:subfield code="c">2020.</marc:subfield>
               </marc:datafield>
               <marc:datafield tag="300" ind1=" " ind2=" ">
                  <marc:subfield code="a">XXI, 303 p. 4 illus., 2 illus. in color.</marc:subfield>
                  <marc:subfield code="b">online resource.</marc:subfield>
               </marc:datafield>
               <marc:datafield tag="336" ind1=" " ind2=" ">
                  <marc:subfield code="a">text</marc:subfield>
                  <marc:subfield code="b">txt</marc:subfield>
                  <marc:subfield code="2">rdacontent</marc:subfield>
               </marc:datafield>
               <marc:datafield tag="337" ind1=" " ind2=" ">
                  <marc:subfield code="a">computer</marc:subfield>
                  <marc:subfield code="b">c</marc:subfield>
                  <marc:subfield code="2">rdamedia</marc:subfield>
               </marc:datafield>
               <marc:datafield tag="338" ind1=" " ind2=" ">
                  <marc:subfield code="a">online resource</marc:subfield>
                  <marc:subfield code="b">cr</marc:subfield>
                  <marc:subfield code="2">rdacarrier</marc:subfield>
               </marc:datafield>
               <marc:datafield tag="347" ind1=" " ind2=" ">
                  <marc:subfield code="a">text file</marc:subfield>
                  <marc:subfield code="b">PDF</marc:subfield>
                  <marc:subfield code="2">rda</marc:subfield>
               </marc:datafield>
               <marc:datafield tag="505" ind1=" " ind2=" ">
                  <marc:subfield code="a">Chapter 1: Wellbeing Among Older People: An Introduction -- Chapter 2: Empowering the Independence of Older People with Everyday Technologies -- Chapter 3: Investigating the Relationship between Housing Insecurity and Wellbeing -- Chapter 4: Social Support and Wellbeing Among Older Australians -- Chapter 5: Gambling and Subjective Wellbeing of Older Australians -- Chapter 6: Employment Types and Subjective Wellbeing: Evidence from the English Longitudinal Survey of Ageing -- Chapter 7: Height and Health Among Older Chinese -- Chapter 8: Ethnic Diversity, Prejudice and Wellbeing Among Older Chinese -- Chapter 9: Witchcraft Accusations and the Social Exclusion of the Elderly in Northern Ghana: Understanding How Cultural Discourses and Practices Affect the Wellbeing of the Elderly -- Chapter 10: Housing and Ageing Well -- Chapter 11: Life, liberty and the pursuit of happiness: Examining the role of personal and country-level freedom in well-being -- Chapter 12: Innovation and Subjective Wellbeing Among Older People -- Chapter 13: Improving the Wellbeing of Old People: Thoughts and Reflections.</marc:subfield>
               </marc:datafield>
               <marc:datafield tag="520" ind1=" " ind2=" ">
                  <marc:subfield code="a">“This book uses diverse methods in a range of different contexts to research a pressing problem of our time – how to support the wellbeing of the elderly. It is essential reading for anyone working in this field.” -- Paul Dalziel, Professor of Economics, Lincoln University, New Zealand. How can we be happier, healthier and more satisfied in life? This edited collection examines various dimensions of wellbeing among older people, including its measurement; social, environmental and economic determinants; and how research can be translated into policy to improve quality of life for older people. With an increasingly ageing population across countries and an increasing population of older adults, there is growing interest in improving older people’s ability to live healthily and happily. With a focus on retirement and aged care, this book is important reading for those interested in Welfare Economics, Health Economics and Development. Sefa Awaworyi Churchill is an Associate Professor and Principal Research Fellow with the School of Economics, Finance &amp; Marketing at RMIT University, Australia. He holds a PhD in Economics from Monash University. His inter- disciplinary research focuses on development economics, addictive behavior, ethnic diversity, wellbeing, and other issues related to sociology, health and economics. He has experience working on consultancy projects for various policy agencies and international development organizations. Lisa Farrell is Professor and Deputy Dean (Research and Innovation) in the School of Economics, Finance and Marketing at RMIT University, Australia. Her research field is in the area of applied microeconomics, with a particular focus on important contemporary social issues such as subjective wellbeing, decision making under uncertainty and lifestyle choice behaviours. Samuelson Appau is Lecturer in Marketing in the School of Economics, Finance and Marketing at RMIT University, Australia. His research focuses on how factors such as poverty, religion and social processes and structures impact consumer wellbeing.</marc:subfield>
               </marc:datafield>
               <marc:datafield tag="650" ind1=" " ind2=" ">
                  <marc:subfield code="a">Health economics.</marc:subfield>
               </marc:datafield>
               <marc:datafield tag="650" ind1=" " ind2=" ">
                  <marc:subfield code="a">Welfare economics.</marc:subfield>
               </marc:datafield>
               <marc:datafield tag="650" ind1=" " ind2=" ">
                  <marc:subfield code="a">Employee health promotion.</marc:subfield>
               </marc:datafield>
               <marc:datafield tag="650" ind1=" " ind2=" ">
                  <marc:subfield code="a">Population.</marc:subfield>
               </marc:datafield>
               <marc:datafield tag="650" ind1=" " ind2=" ">
                  <marc:subfield code="a">Labor economics.</marc:subfield>
               </marc:datafield>
               <marc:datafield tag="650" ind1="1" ind2="4">
                  <marc:subfield code="a">Health Economics.</marc:subfield>
                  <marc:subfield code="0">https://scigraph.springernature.com/ontologies/product-market-codes/W35000</marc:subfield>
               </marc:datafield>
               <marc:datafield tag="650" ind1="2" ind2="4">
                  <marc:subfield code="a">Social Choice/Welfare Economics/Public Choice/Political Economy.</marc:subfield>
                  <marc:subfield code="0">https://scigraph.springernature.com/ontologies/product-market-codes/W31020</marc:subfield>
               </marc:datafield>
               <marc:datafield tag="650" ind1="2" ind2="4">
                  <marc:subfield code="a">Employee Health and Wellbeing.</marc:subfield>
                  <marc:subfield code="0">https://scigraph.springernature.com/ontologies/product-market-codes/517050</marc:subfield>
               </marc:datafield>
               <marc:datafield tag="650" ind1="2" ind2="4">
                  <marc:subfield code="a">Population Economics.</marc:subfield>
                  <marc:subfield code="0">https://scigraph.springernature.com/ontologies/product-market-codes/W38000</marc:subfield>
               </marc:datafield>
               <marc:datafield tag="650" ind1="2" ind2="4">
                  <marc:subfield code="a">Labor Economics.</marc:subfield>
                  <marc:subfield code="0">https://scigraph.springernature.com/ontologies/product-market-codes/W37000</marc:subfield>
               </marc:datafield>
               <marc:datafield tag="700" ind1="1" ind2=" ">
                  <marc:subfield code="a">Awaworyi Churchill, Sefa.</marc:subfield>
                  <marc:subfield code="e">editor.</marc:subfield>
                  <marc:subfield code="4">edt</marc:subfield>
                  <marc:subfield code="4">http://id.loc.gov/vocabulary/relators/edt</marc:subfield>
               </marc:datafield>
               <marc:datafield tag="700" ind1="1" ind2=" ">
                  <marc:subfield code="a">Farrell, Lisa.</marc:subfield>
                  <marc:subfield code="e">editor.</marc:subfield>
                  <marc:subfield code="4">edt</marc:subfield>
                  <marc:subfield code="4">http://id.loc.gov/vocabulary/relators/edt</marc:subfield>
               </marc:datafield>
               <marc:datafield tag="700" ind1="1" ind2=" ">
                  <marc:subfield code="a">Appau, Samuelson.</marc:subfield>
                  <marc:subfield code="e">editor.</marc:subfield>
                  <marc:subfield code="4">edt</marc:subfield>
                  <marc:subfield code="4">http://id.loc.gov/vocabulary/relators/edt</marc:subfield>
               </marc:datafield>
               <marc:datafield tag="710" ind1="2" ind2=" ">
                  <marc:subfield code="a">SpringerLink (Online service)</marc:subfield>
               </marc:datafield>
               <marc:datafield tag="773" ind1=" " ind2=" ">
                  <marc:subfield code="t">Springer Nature eBook</marc:subfield>
               </marc:datafield>
               <marc:datafield tag="776" ind1=" " ind2="8">
                  <marc:subfield code="i">Printed edition:</marc:subfield>
                  <marc:subfield code="z">9789811523526</marc:subfield>
               </marc:datafield>
               <marc:datafield tag="776" ind1=" " ind2="8">
                  <marc:subfield code="i">Printed edition:</marc:subfield>
                  <marc:subfield code="z">9789811523540</marc:subfield>
               </marc:datafield>
               <marc:datafield tag="776" ind1=" " ind2="8">
                  <marc:subfield code="i">Printed edition:</marc:subfield>
                  <marc:subfield code="z">9789811523557</marc:subfield>
               </marc:datafield>
               <marc:datafield tag="856" ind1="4" ind2=" ">
                  <marc:subfield code="u">https://doi.org/10.1007/978-981-15-2353-3</marc:subfield>
               </marc:datafield>
               <marc:datafield tag="912" ind1=" " ind2=" ">
                  <marc:subfield code="a">ZDB-2-ECF</marc:subfield>
               </marc:datafield>
               <marc:datafield tag="912" ind1=" " ind2=" ">
                  <marc:subfield code="a">ZDB-2-SXEF</marc:subfield>
               </marc:datafield>
               <marc:datafield tag="950" ind1=" " ind2=" ">
                  <marc:subfield code="a">Economics and Finance (SpringerNature-41170)</marc:subfield>
               </marc:datafield>
               <marc:datafield tag="950" ind1=" " ind2=" ">
                  <marc:subfield code="a">Economics and Finance (R0) (SpringerNature-43720)</marc:subfield>
               </marc:datafield>
            </marc:record>
         </recordData>
         <recordPosition>4</recordPosition>
      </record>