
      <record>
         <recordSchema>info:srw/schema/1/marcxml-v1.1</recordSchema>
         <recordPacking>xml</recordPacking>
         <recordData>
            <marc:record xmlns:marc="http://www.loc.gov/MARC21/slim">
               <marc:leader>00000nam a22000005i 4500</marc:leader>
               <marc:controlfield tag="001">978-3-658-11044-4</marc:controlfield>
               <marc:controlfield tag="003">DE-He213</marc:controlfield>
               <marc:controlfield tag="005">20200706175647.0</marc:controlfield>
               <marc:controlfield tag="007">cr nn 008mamaa</marc:controlfield>
               <marc:controlfield tag="008">160222s2016    gw |    s    |||| 0|eng d</marc:controlfield>
               <marc:datafield tag="020" ind1=" " ind2=" ">
                  <marc:subfield code="a">9783658110444</marc:subfield>
                  <marc:subfield code="9">978-3-658-11044-4</marc:subfield>
               </marc:datafield>
               <marc:datafield tag="024" ind1="7" ind2=" ">
                  <marc:subfield code="a">10.1007/978-3-658-11044-4</marc:subfield>
                  <marc:subfield code="2">doi</marc:subfield>
               </marc:datafield>
               <marc:datafield tag="050" ind1=" " ind2="4">
                  <marc:subfield code="a">B53</marc:subfield>
               </marc:datafield>
               <marc:datafield tag="072" ind1=" " ind2="7">
                  <marc:subfield code="a">HP</marc:subfield>
                  <marc:subfield code="2">bicssc</marc:subfield>
               </marc:datafield>
               <marc:datafield tag="072" ind1=" " ind2="7">
                  <marc:subfield code="a">PHI021000</marc:subfield>
                  <marc:subfield code="2">bisacsh</marc:subfield>
               </marc:datafield>
               <marc:datafield tag="072" ind1=" " ind2="7">
                  <marc:subfield code="a">QD</marc:subfield>
                  <marc:subfield code="2">thema</marc:subfield>
               </marc:datafield>
               <marc:datafield tag="082" ind1=" " ind2="4">
                  <marc:subfield code="a">601</marc:subfield>
                  <marc:subfield code="2">23</marc:subfield>
               </marc:datafield>
               <marc:datafield tag="245" ind1="1" ind2=" ">
                  <marc:subfield code="a">Perfecting Human Futures</marc:subfield>
                  <marc:subfield code="h">[electronic resource] :</marc:subfield>
                  <marc:subfield code="b">Transhuman Visions and Technological Imaginations /</marc:subfield>
                  <marc:subfield code="c">edited by J. Benjamin Hurlbut, Hava Tirosh-Samuelson.</marc:subfield>
               </marc:datafield>
               <marc:datafield tag="250" ind1=" " ind2=" ">
                  <marc:subfield code="a">1st ed. 2016.</marc:subfield>
               </marc:datafield>
               <marc:datafield tag="264" ind1=" " ind2="1">
                  <marc:subfield code="a">Wiesbaden :</marc:subfield>
                  <marc:subfield code="b">Springer Fachmedien Wiesbaden :</marc:subfield>
                  <marc:subfield code="b">Imprint: Springer VS,</marc:subfield>
                  <marc:subfield code="c">2016.</marc:subfield>
               </marc:datafield>
               <marc:datafield tag="300" ind1=" " ind2=" ">
                  <marc:subfield code="a">VIII, 380 p. 1 illus. in color.</marc:subfield>
                  <marc:subfield code="b">online resource.</marc:subfield>
               </marc:datafield>
               <marc:datafield tag="336" ind1=" " ind2=" ">
                  <marc:subfield code="a">text</marc:subfield>
                  <marc:subfield code="b">txt</marc:subfield>
                  <marc:subfield code="2">rdacontent</marc:subfield>
               </marc:datafield>
               <marc:datafield tag="337" ind1=" " ind2=" ">
                  <marc:subfield code="a">computer</marc:subfield>
                  <marc:subfield code="b">c</marc:subfield>
                  <marc:subfield code="2">rdamedia</marc:subfield>
               </marc:datafield>
               <marc:datafield tag="338" ind1=" " ind2=" ">
                  <marc:subfield code="a">online resource</marc:subfield>
                  <marc:subfield code="b">cr</marc:subfield>
                  <marc:subfield code="2">rdacarrier</marc:subfield>
               </marc:datafield>
               <marc:datafield tag="347" ind1=" " ind2=" ">
                  <marc:subfield code="a">text file</marc:subfield>
                  <marc:subfield code="b">PDF</marc:subfield>
                  <marc:subfield code="2">rda</marc:subfield>
               </marc:datafield>
               <marc:datafield tag="490" ind1="1" ind2=" ">
                  <marc:subfield code="a">Technikzukünfte, Wissenschaft und Gesellschaft / Futures of Technology, Science and Society,</marc:subfield>
                  <marc:subfield code="x">2524-3764</marc:subfield>
               </marc:datafield>
               <marc:datafield tag="520" ind1=" " ind2=" ">
                  <marc:subfield code="a">Humans have always imagined better futures. From the desire to overcome death to the aspiration to dominion over the world, imaginations of the technological future reveal the commitments, values, and norms of those who construct them. Today, the human future is thrown into question by emerging technologies that promise radical control over human life and elicit corollary imaginations of human perfectibility. This interdisciplinary volume assembles scholars of science and technology studies, sociology, philosophy, theology, ethics, and history to examine imaginations of technological progress that promises to transcend the constraints of human body and being. Attending in particular to transhumanist and posthumanist visions, the volume breaks new ground by exploring their utopian and eschatological dimensions and situating them within a broader context of ideas, institutions, and practices of innovation. The volume invites specialists and general readers to explore the stakes of contemporary imaginations of technological innovation as a source of progress, a force of social and historical transformation, and as the defining essence of human life. Contents Technological Imaginations.- Ethics and Politics of Envisioned Futures.- The Transhumanist Imagination in Context. Target Groups Scholars and students in science and technology studies, philosophy, utopian studies, science and religion The Editors Hava Tirosh-Samuelson is Irving and Miriam Lowe Professor of Modern Judaism and Director of the Center of Jewish Studies at Arizona State University in Tempe, Arizona. J. Benjamin Hurlbut is Assistant Professor of Bioscience Ethics in the School of Life Sciences at Arizona State University.</marc:subfield>
               </marc:datafield>
               <marc:datafield tag="650" ind1=" " ind2=" ">
                  <marc:subfield code="a">Philosophy.</marc:subfield>
               </marc:datafield>
               <marc:datafield tag="650" ind1="1" ind2="4">
                  <marc:subfield code="a">Philosophy of Technology.</marc:subfield>
                  <marc:subfield code="0">https://scigraph.springernature.com/ontologies/product-market-codes/E34050</marc:subfield>
               </marc:datafield>
               <marc:datafield tag="700" ind1="1" ind2=" ">
                  <marc:subfield code="a">Hurlbut, J. Benjamin.</marc:subfield>
                  <marc:subfield code="e">editor.</marc:subfield>
                  <marc:subfield code="4">edt</marc:subfield>
                  <marc:subfield code="4">http://id.loc.gov/vocabulary/relators/edt</marc:subfield>
               </marc:datafield>
               <marc:datafield tag="700" ind1="1" ind2=" ">
                  <marc:subfield code="a">Tirosh-Samuelson, Hava.</marc:subfield>
                  <marc:subfield code="e">editor.</marc:subfield>
                  <marc:subfield code="4">edt</marc:subfield>
                  <marc:subfield code="4">http://id.loc.gov/vocabulary/relators/edt</marc:subfield>
               </marc:datafield>
               <marc:datafield tag="710" ind1="2" ind2=" ">
                  <marc:subfield code="a">SpringerLink (Online service)</marc:subfield>
               </marc:datafield>
               <marc:datafield tag="773" ind1=" " ind2=" ">
                  <marc:subfield code="t">Springer Nature eBook</marc:subfield>
               </marc:datafield>
               <marc:datafield tag="776" ind1=" " ind2="8">
                  <marc:subfield code="i">Printed edition:</marc:subfield>
                  <marc:subfield code="z">9783658110437</marc:subfield>
               </marc:datafield>
               <marc:datafield tag="776" ind1=" " ind2="8">
                  <marc:subfield code="i">Printed edition:</marc:subfield>
                  <marc:subfield code="z">9783658110451</marc:subfield>
               </marc:datafield>
               <marc:datafield tag="830" ind1=" " ind2=" ">
                  <marc:subfield code="a">Technikzukünfte, Wissenschaft und Gesellschaft / Futures of Technology, Science and Society,</marc:subfield>
                  <marc:subfield code="x">2524-3764</marc:subfield>
               </marc:datafield>
               <marc:datafield tag="856" ind1="4" ind2=" ">
                  <marc:subfield code="u">https://doi.org/10.1007/978-3-658-11044-4</marc:subfield>
               </marc:datafield>
               <marc:datafield tag="912" ind1=" " ind2=" ">
                  <marc:subfield code="a">ZDB-2-REP</marc:subfield>
               </marc:datafield>
               <marc:datafield tag="912" ind1=" " ind2=" ">
                  <marc:subfield code="a">ZDB-2-SXPR</marc:subfield>
               </marc:datafield>
               <marc:datafield tag="950" ind1=" " ind2=" ">
                  <marc:subfield code="a">Religion and Philosophy (SpringerNature-41175)</marc:subfield>
               </marc:datafield>
               <marc:datafield tag="950" ind1=" " ind2=" ">
                  <marc:subfield code="a">Philosophy and Religion (R0) (SpringerNature-43725)</marc:subfield>
               </marc:datafield>
            </marc:record>
         </recordData>
         <recordPosition>5</recordPosition>
      </record>