
      <record>
         <recordSchema>info:srw/schema/1/marcxml-v1.1</recordSchema>
         <recordPacking>xml</recordPacking>
         <recordData>
            <marc:record xmlns:marc="http://www.loc.gov/MARC21/slim">
               <marc:leader>00000cam a22002777a 4500</marc:leader>
               <marc:controlfield tag="001">001223277</marc:controlfield>
               <marc:controlfield tag="003">BE-GnUNI</marc:controlfield>
               <marc:controlfield tag="005">20170727112938.0</marc:controlfield>
               <marc:controlfield tag="008">061010s2007    moua     b    001 0 eng d</marc:controlfield>
               <marc:datafield tag="010" ind1=" " ind2=" ">
                  <marc:subfield code="a">2006299188</marc:subfield>
               </marc:datafield>
               <marc:datafield tag="020" ind1=" " ind2=" ">
                  <marc:subfield code="a">0721681743</marc:subfield>
               </marc:datafield>
               <marc:datafield tag="020" ind1=" " ind2=" ">
                  <marc:subfield code="a">9780721681740</marc:subfield>
               </marc:datafield>
               <marc:datafield tag="035" ind1=" " ind2=" ">
                  <marc:subfield code="a">(OCoLC)ocm71514915</marc:subfield>
               </marc:datafield>
               <marc:datafield tag="040" ind1=" " ind2=" ">
                  <marc:subfield code="a">BE-GnUNI</marc:subfield>
               </marc:datafield>
               <marc:datafield tag="042" ind1=" " ind2=" ">
                  <marc:subfield code="a">lccopycat</marc:subfield>
               </marc:datafield>
               <marc:datafield tag="050" ind1=" " ind2=" ">
                  <marc:subfield code="a">SF757.3</marc:subfield>
                  <marc:subfield code="b">.S26 2007</marc:subfield>
               </marc:datafield>
               <marc:datafield tag="100" ind1="1" ind2=" ">
                  <marc:subfield code="a">Samuelson, Don A.</marc:subfield>
               </marc:datafield>
               <marc:datafield tag="245" ind1="1" ind2=" ">
                  <marc:subfield code="a">Textbook of veterinary histology /</marc:subfield>
                  <marc:subfield code="c">Don A. Samuelson.</marc:subfield>
               </marc:datafield>
               <marc:datafield tag="246" ind1="3" ind2=" ">
                  <marc:subfield code="a">Veterinary histology</marc:subfield>
               </marc:datafield>
               <marc:datafield tag="260" ind1=" " ind2=" ">
                  <marc:subfield code="a">St. Louis (Mo.) :</marc:subfield>
                  <marc:subfield code="b">Saunders-Elsevier,</marc:subfield>
                  <marc:subfield code="c">2007.</marc:subfield>
               </marc:datafield>
               <marc:datafield tag="300" ind1=" " ind2=" ">
                  <marc:subfield code="a">Xiii, 546 p. :</marc:subfield>
                  <marc:subfield code="b">ill. (chiefly col.) ;</marc:subfield>
                  <marc:subfield code="c">29 cm.</marc:subfield>
               </marc:datafield>
               <marc:datafield tag="504" ind1=" " ind2=" ">
                  <marc:subfield code="a">Includes bibliographical references and index.</marc:subfield>
               </marc:datafield>
               <marc:datafield tag="650" ind1=" " ind2="7">
                  <marc:subfield code="a">Anatomy, Veterinary.</marc:subfield>
                  <marc:subfield code="2">mesh</marc:subfield>
               </marc:datafield>
               <marc:datafield tag="650" ind1=" " ind2="7">
                  <marc:subfield code="a">Histology.</marc:subfield>
                  <marc:subfield code="2">mesh</marc:subfield>
               </marc:datafield>
               <marc:datafield tag="650" ind1=" " ind2="7">
                  <marc:subfield code="a">Veterinary histology.</marc:subfield>
                  <marc:subfield code="2">lcsh</marc:subfield>
               </marc:datafield>
               <marc:datafield tag="852" ind1="4" ind2=" ">
                  <marc:subfield code="x">DI</marc:subfield>
                  <marc:subfield code="b">DI03</marc:subfield>
                  <marc:subfield code="c">DI03</marc:subfield>
                  <marc:subfield code="j">DI03.1B37</marc:subfield>
                  <marc:subfield code="p">000010832054</marc:subfield>
               </marc:datafield>
               <marc:datafield tag="852" ind1="4" ind2=" ">
                  <marc:subfield code="x">DI</marc:subfield>
                  <marc:subfield code="b">DI51</marc:subfield>
                  <marc:subfield code="c">DIBIB</marc:subfield>
                  <marc:subfield code="j">DIBIB.SF757.3.S2.2007</marc:subfield>
                  <marc:subfield code="L">BIB.DEPOT</marc:subfield>
                  <marc:subfield code="p">000010717710</marc:subfield>
               </marc:datafield>
               <marc:datafield tag="920" ind1=" " ind2=" ">
                  <marc:subfield code="a">book</marc:subfield>
               </marc:datafield>
               <marc:datafield tag="SID" ind1=" " ind2=" ">
                  <marc:subfield code="a">Z39</marc:subfield>
                  <marc:subfield code="b">LOC</marc:subfield>
               </marc:datafield>
               <marc:datafield tag="CRD" ind1=" " ind2=" ">
                  <marc:subfield code="a">DI0320130718</marc:subfield>
               </marc:datafield>
               <marc:datafield tag="CRD" ind1=" " ind2=" ">
                  <marc:subfield code="a">DIBIB20070626</marc:subfield>
               </marc:datafield>
               <marc:datafield tag="Z30" ind1="-" ind2="1">
                  <marc:subfield code="l">RUG01</marc:subfield>
                  <marc:subfield code="L">RUG01</marc:subfield>
                  <marc:subfield code="m">BOOK</marc:subfield>
                  <marc:subfield code="x">DI</marc:subfield>
                  <marc:subfield code="1">DI03</marc:subfield>
                  <marc:subfield code="2">DI03</marc:subfield>
                  <marc:subfield code="3">DI03.1B37</marc:subfield>
                  <marc:subfield code="6">2005A103</marc:subfield>
                  <marc:subfield code="5">000010832054</marc:subfield>
                  <marc:subfield code="8">20130718</marc:subfield>
                  <marc:subfield code="f">04</marc:subfield>
                  <marc:subfield code="F">onsite/CONSULT</marc:subfield>
               </marc:datafield>
               <marc:datafield tag="Z30" ind1="-" ind2="1">
                  <marc:subfield code="l">RUG01</marc:subfield>
                  <marc:subfield code="L">RUG01</marc:subfield>
                  <marc:subfield code="m">BOOK</marc:subfield>
                  <marc:subfield code="x">DI</marc:subfield>
                  <marc:subfield code="1">DI51</marc:subfield>
                  <marc:subfield code="2">DIBIB</marc:subfield>
                  <marc:subfield code="3">DIBIB.SF757.3.S2.2007</marc:subfield>
                  <marc:subfield code="9">BIB.DEPOT</marc:subfield>
                  <marc:subfield code="5">000010717710</marc:subfield>
                  <marc:subfield code="8">20070626</marc:subfield>
                  <marc:subfield code="f">32</marc:subfield>
                  <marc:subfield code="F">openkast/LOAN+SCAN</marc:subfield>
                  <marc:subfield code="g">59407</marc:subfield>
               </marc:datafield>
            </marc:record>
         </recordData>
         <recordPosition>6</recordPosition>
      </record>