
      <record>
         <recordSchema>info:srw/schema/1/marcxml-v1.1</recordSchema>
         <recordPacking>xml</recordPacking>
         <recordData>
            <marc:record xmlns:marc="http://www.loc.gov/MARC21/slim">
               <marc:leader>00000cam a22002774a 4500</marc:leader>
               <marc:controlfield tag="001">001661905</marc:controlfield>
               <marc:controlfield tag="005">20170425112321.0</marc:controlfield>
               <marc:controlfield tag="008">020829s2002    mau      b    001 0 eng</marc:controlfield>
               <marc:datafield tag="010" ind1=" " ind2=" ">
                  <marc:subfield code="a">2002031586</marc:subfield>
               </marc:datafield>
               <marc:datafield tag="020" ind1=" " ind2=" ">
                  <marc:subfield code="a">094545435X</marc:subfield>
                  <marc:subfield code="q">alk. paper</marc:subfield>
               </marc:datafield>
               <marc:datafield tag="020" ind1=" " ind2=" ">
                  <marc:subfield code="a">0945454368</marc:subfield>
                  <marc:subfield code="q">pbk. : alk. paper</marc:subfield>
               </marc:datafield>
               <marc:datafield tag="040" ind1=" " ind2=" ">
                  <marc:subfield code="a">BE-GnUNI</marc:subfield>
               </marc:datafield>
               <marc:datafield tag="042" ind1=" " ind2=" ">
                  <marc:subfield code="a">pcc</marc:subfield>
               </marc:datafield>
               <marc:datafield tag="050" ind1=" " ind2=" ">
                  <marc:subfield code="a">BM538.H85</marc:subfield>
                  <marc:subfield code="b">J85 2002</marc:subfield>
               </marc:datafield>
               <marc:datafield tag="082" ind1=" " ind2=" ">
                  <marc:subfield code="a">296.3/8</marc:subfield>
                  <marc:subfield code="2">21</marc:subfield>
               </marc:datafield>
               <marc:datafield tag="245" ind1=" " ind2=" ">
                  <marc:subfield code="a">Judaism and ecology :</marc:subfield>
                  <marc:subfield code="b">created world and revealed word /</marc:subfield>
                  <marc:subfield code="c">edited by Hava Tirosh-Samuelson.</marc:subfield>
               </marc:datafield>
               <marc:datafield tag="260" ind1=" " ind2=" ">
                  <marc:subfield code="a">Cambridge, Mass :</marc:subfield>
                  <marc:subfield code="b">Distributed by Harvard University Press for the Center for the Study of World Religions, Harvard Divinity School,</marc:subfield>
                  <marc:subfield code="c">2002.</marc:subfield>
               </marc:datafield>
               <marc:datafield tag="300" ind1=" " ind2=" ">
                  <marc:subfield code="a">lxii, 515 p. ;</marc:subfield>
                  <marc:subfield code="c">23 cm.</marc:subfield>
               </marc:datafield>
               <marc:datafield tag="490" ind1=" " ind2=" ">
                  <marc:subfield code="a">Religions of the world and ecology</marc:subfield>
               </marc:datafield>
               <marc:datafield tag="504" ind1=" " ind2=" ">
                  <marc:subfield code="a">Includes bibliographical references (p. [481]-486) and index.</marc:subfield>
               </marc:datafield>
               <marc:datafield tag="650" ind1=" " ind2="7">
                  <marc:subfield code="a">Human ecology</marc:subfield>
                  <marc:subfield code="x">Religious aspects</marc:subfield>
                  <marc:subfield code="x">Judaism.</marc:subfield>
                  <marc:subfield code="2">lcsh</marc:subfield>
               </marc:datafield>
               <marc:datafield tag="650" ind1=" " ind2="7">
                  <marc:subfield code="a">Nature</marc:subfield>
                  <marc:subfield code="x">Religious aspects</marc:subfield>
                  <marc:subfield code="x">Judaism.</marc:subfield>
                  <marc:subfield code="2">lcsh</marc:subfield>
               </marc:datafield>
               <marc:datafield tag="700" ind1="1" ind2=" ">
                  <marc:subfield code="a">Tirosh-Samuelson, Hava</marc:subfield>
               </marc:datafield>
               <marc:datafield tag="852" ind1="4" ind2=" ">
                  <marc:subfield code="x">LW</marc:subfield>
                  <marc:subfield code="b">LW55</marc:subfield>
                  <marc:subfield code="c">L88</marc:subfield>
                  <marc:subfield code="j">LWBIB.L88.MONO.TIRO.0001</marc:subfield>
                  <marc:subfield code="p">000010604195</marc:subfield>
               </marc:datafield>
               <marc:datafield tag="920" ind1=" " ind2=" ">
                  <marc:subfield code="a">book</marc:subfield>
               </marc:datafield>
               <marc:datafield tag="SID" ind1=" " ind2=" ">
                  <marc:subfield code="a">Z39</marc:subfield>
                  <marc:subfield code="b">LOC</marc:subfield>
               </marc:datafield>
               <marc:datafield tag="CRD" ind1=" " ind2=" ">
                  <marc:subfield code="a">L8820111003</marc:subfield>
               </marc:datafield>
               <marc:datafield tag="Z30" ind1="-" ind2="1">
                  <marc:subfield code="l">RUG01</marc:subfield>
                  <marc:subfield code="L">RUG01</marc:subfield>
                  <marc:subfield code="m">BOOK</marc:subfield>
                  <marc:subfield code="x">LW</marc:subfield>
                  <marc:subfield code="1">LW55</marc:subfield>
                  <marc:subfield code="2">L88</marc:subfield>
                  <marc:subfield code="3">LWBIB.L88.MONO.TIRO.0001</marc:subfield>
                  <marc:subfield code="5">000010604195</marc:subfield>
                  <marc:subfield code="8">20111003</marc:subfield>
                  <marc:subfield code="f">05</marc:subfield>
                  <marc:subfield code="F">onsite/LOAN</marc:subfield>
               </marc:datafield>
            </marc:record>
         </recordData>
         <recordPosition>7</recordPosition>
      </record>