
      <record>
         <recordSchema>info:srw/schema/1/marcxml-v1.1</recordSchema>
         <recordPacking>xml</recordPacking>
         <recordData>
            <marc:record xmlns:marc="http://www.loc.gov/MARC21/slim">
               <marc:leader>00000nam a22      a 4500</marc:leader>
               <marc:controlfield tag="001">000463976</marc:controlfield>
               <marc:controlfield tag="005">20150412133404.0</marc:controlfield>
               <marc:controlfield tag="008">990527s1998    mau     r     000 0 eng d</marc:controlfield>
               <marc:datafield tag="020" ind1=" " ind2=" ">
                  <marc:subfield code="a">0262692198</marc:subfield>
               </marc:datafield>
               <marc:datafield tag="040" ind1=" " ind2=" ">
                  <marc:subfield code="a">BE-GnUNI</marc:subfield>
               </marc:datafield>
               <marc:datafield tag="050" ind1=" " ind2="4">
                  <marc:subfield code="a">HB144.S26</marc:subfield>
               </marc:datafield>
               <marc:datafield tag="100" ind1="1" ind2=" ">
                  <marc:subfield code="a">Samuelson, Larry</marc:subfield>
               </marc:datafield>
               <marc:datafield tag="245" ind1="1" ind2=" ">
                  <marc:subfield code="a">Evolutionary games and equilibrium selection /</marc:subfield>
                  <marc:subfield code="c">Larry Samuelson.</marc:subfield>
               </marc:datafield>
               <marc:datafield tag="260" ind1=" " ind2=" ">
                  <marc:subfield code="a">Cambridge (Mass.) :</marc:subfield>
                  <marc:subfield code="b">MIT press,</marc:subfield>
                  <marc:subfield code="c">1998.</marc:subfield>
               </marc:datafield>
               <marc:datafield tag="300" ind1=" " ind2=" ">
                  <marc:subfield code="a">IX, 309 p.</marc:subfield>
               </marc:datafield>
               <marc:datafield tag="490" ind1=" " ind2=" ">
                  <marc:subfield code="a">MIT press series on economic learning and social evolution</marc:subfield>
                  <marc:subfield code="v">1</marc:subfield>
               </marc:datafield>
               <marc:datafield tag="852" ind1="4" ind2=" ">
                  <marc:subfield code="x">EB</marc:subfield>
                  <marc:subfield code="b">EB55</marc:subfield>
                  <marc:subfield code="c">EBIB</marc:subfield>
                  <marc:subfield code="j">EBIB.HB144.010</marc:subfield>
                  <marc:subfield code="p">000000035534</marc:subfield>
               </marc:datafield>
               <marc:datafield tag="920" ind1=" " ind2=" ">
                  <marc:subfield code="a">book</marc:subfield>
               </marc:datafield>
               <marc:datafield tag="CRD" ind1=" " ind2=" ">
                  <marc:subfield code="a">EBIB19990527</marc:subfield>
               </marc:datafield>
               <marc:datafield tag="Z30" ind1="-" ind2="1">
                  <marc:subfield code="l">RUG01</marc:subfield>
                  <marc:subfield code="L">RUG01</marc:subfield>
                  <marc:subfield code="m">BOOK</marc:subfield>
                  <marc:subfield code="x">EB</marc:subfield>
                  <marc:subfield code="1">EB55</marc:subfield>
                  <marc:subfield code="2">EBIB</marc:subfield>
                  <marc:subfield code="3">EBIB.HB144.010</marc:subfield>
                  <marc:subfield code="5">000000035534</marc:subfield>
                  <marc:subfield code="8">19990527</marc:subfield>
                  <marc:subfield code="f">32</marc:subfield>
                  <marc:subfield code="F">openkast/LOAN+SCAN</marc:subfield>
               </marc:datafield>
            </marc:record>
         </recordData>
         <recordPosition>8</recordPosition>
      </record>