
      <record>
         <recordSchema>info:srw/schema/1/marcxml-v1.1</recordSchema>
         <recordPacking>xml</recordPacking>
         <recordData>
            <marc:record xmlns:marc="http://www.loc.gov/MARC21/slim">
               <marc:leader>00000nam a22      a 4500</marc:leader>
               <marc:controlfield tag="001">001018438</marc:controlfield>
               <marc:controlfield tag="003">BE-GnUNI</marc:controlfield>
               <marc:controlfield tag="005">20200505130211.0</marc:controlfield>
               <marc:controlfield tag="008">060918s2006    xx     |r    |000 ||eng|d</marc:controlfield>
               <marc:datafield tag="020" ind1=" " ind2=" ">
                  <marc:subfield code="a">1405159170</marc:subfield>
               </marc:datafield>
               <marc:datafield tag="040" ind1=" " ind2=" ">
                  <marc:subfield code="a">BE-GnUNI</marc:subfield>
               </marc:datafield>
               <marc:datafield tag="050" ind1=" " ind2="4">
                  <marc:subfield code="a">HB76</marc:subfield>
               </marc:datafield>
               <marc:datafield tag="245" ind1=" " ind2=" ">
                  <marc:subfield code="a">Inside the economist's mind :</marc:subfield>
                  <marc:subfield code="b">conversations with eminent economists /</marc:subfield>
                  <marc:subfield code="c">ed. by Paul A. Samuelson, William A. Barnett.</marc:subfield>
               </marc:datafield>
               <marc:datafield tag="260" ind1=" " ind2=" ">
                  <marc:subfield code="a">Oxford :</marc:subfield>
                  <marc:subfield code="b">Blackwell,</marc:subfield>
                  <marc:subfield code="c">2006.</marc:subfield>
               </marc:datafield>
               <marc:datafield tag="300" ind1=" " ind2=" ">
                  <marc:subfield code="a">XXXVI, 419 p.: ill.</marc:subfield>
               </marc:datafield>
               <marc:datafield tag="700" ind1="1" ind2=" ">
                  <marc:subfield code="a">Barnett, William Arnold</marc:subfield>
               </marc:datafield>
               <marc:datafield tag="700" ind1="1" ind2=" ">
                  <marc:subfield code="a">Samuelson, Paul Anthony,</marc:subfield>
                  <marc:subfield code="d">1915-2009</marc:subfield>
               </marc:datafield>
               <marc:datafield tag="852" ind1="4" ind2=" ">
                  <marc:subfield code="x">EB</marc:subfield>
                  <marc:subfield code="b">EB55</marc:subfield>
                  <marc:subfield code="c">EBIB</marc:subfield>
                  <marc:subfield code="j">EBIB.HB76.011</marc:subfield>
                  <marc:subfield code="p">000000469489</marc:subfield>
               </marc:datafield>
               <marc:datafield tag="920" ind1=" " ind2=" ">
                  <marc:subfield code="a">book</marc:subfield>
               </marc:datafield>
               <marc:datafield tag="CRD" ind1=" " ind2=" ">
                  <marc:subfield code="a">EBIB20060918</marc:subfield>
               </marc:datafield>
               <marc:datafield tag="Z30" ind1="-" ind2="1">
                  <marc:subfield code="l">RUG01</marc:subfield>
                  <marc:subfield code="L">RUG01</marc:subfield>
                  <marc:subfield code="m">BOOK</marc:subfield>
                  <marc:subfield code="x">EB</marc:subfield>
                  <marc:subfield code="1">EB55</marc:subfield>
                  <marc:subfield code="2">EBIB</marc:subfield>
                  <marc:subfield code="3">EBIB.HB76.011</marc:subfield>
                  <marc:subfield code="5">000000469489</marc:subfield>
                  <marc:subfield code="8">20060918</marc:subfield>
                  <marc:subfield code="f">32</marc:subfield>
                  <marc:subfield code="F">openkast/LOAN+SCAN</marc:subfield>
                  <marc:subfield code="g">54253</marc:subfield>
               </marc:datafield>
            </marc:record>
         </recordData>
         <recordPosition>9</recordPosition>
      </record>