
      <record>
         <recordSchema>info:srw/schema/1/marcxml-v1.1</recordSchema>
         <recordPacking>xml</recordPacking>
         <recordData>
            <marc:record xmlns:marc="http://www.loc.gov/MARC21/slim">
               <marc:leader>00000cam a22002171  4500</marc:leader>
               <marc:controlfield tag="001">001299731</marc:controlfield>
               <marc:controlfield tag="003">BE-GnUNI</marc:controlfield>
               <marc:controlfield tag="005">20170321130335.0</marc:controlfield>
               <marc:controlfield tag="008">791121s1888    enkabcf       000 0 eng</marc:controlfield>
               <marc:datafield tag="010" ind1=" " ind2=" ">
                  <marc:subfield code="a">04023560</marc:subfield>
               </marc:datafield>
               <marc:datafield tag="035" ind1=" " ind2=" ">
                  <marc:subfield code="9">(DLC) 04023560</marc:subfield>
               </marc:datafield>
               <marc:datafield tag="035" ind1=" " ind2=" ">
                  <marc:subfield code="a">(OCoLC)5721823</marc:subfield>
               </marc:datafield>
               <marc:datafield tag="040" ind1=" " ind2=" ">
                  <marc:subfield code="a">BE-GnUNI</marc:subfield>
               </marc:datafield>
               <marc:datafield tag="050" ind1=" " ind2=" ">
                  <marc:subfield code="a">DR55</marc:subfield>
                  <marc:subfield code="b">.S19</marc:subfield>
               </marc:datafield>
               <marc:datafield tag="100" ind1="1" ind2=" ">
                  <marc:subfield code="a">Samuelson, James</marc:subfield>
               </marc:datafield>
               <marc:datafield tag="245" ind1="1" ind2=" ">
                  <marc:subfield code="a">Bulgaria past and present :</marc:subfield>
                  <marc:subfield code="b">historical, political, and descriptive /</marc:subfield>
                  <marc:subfield code="c">by James Samuelson; illustrated with a map of United Bulgaria, collotype views and portraits from seventeen photographs by Karastojanoff of Sofia, Cavra of Philippopolis, and O. Marcolesco of Tirnova.</marc:subfield>
               </marc:datafield>
               <marc:datafield tag="260" ind1=" " ind2=" ">
                  <marc:subfield code="a">London :</marc:subfield>
                  <marc:subfield code="b">Trübner,</marc:subfield>
                  <marc:subfield code="c">1888.</marc:subfield>
               </marc:datafield>
               <marc:datafield tag="300" ind1=" " ind2=" ">
                  <marc:subfield code="a">Xiv, 247 p. :</marc:subfield>
                  <marc:subfield code="b">front., ill., plates, ports., map. ;</marc:subfield>
                  <marc:subfield code="c">23 cm.</marc:subfield>
               </marc:datafield>
               <marc:datafield tag="651" ind1=" " ind2="7">
                  <marc:subfield code="a">Bulgaria.</marc:subfield>
                  <marc:subfield code="2">fast</marc:subfield>
                  <marc:subfield code="0">(OCoLC)fst01212489</marc:subfield>
               </marc:datafield>
               <marc:datafield tag="852" ind1="4" ind2=" ">
                  <marc:subfield code="x">UB</marc:subfield>
                  <marc:subfield code="b">CA20</marc:subfield>
                  <marc:subfield code="c">BIB</marc:subfield>
                  <marc:subfield code="j">BIB.ACC.046622</marc:subfield>
                  <marc:subfield code="p">000000616195</marc:subfield>
               </marc:datafield>
               <marc:datafield tag="920" ind1=" " ind2=" ">
                  <marc:subfield code="a">book</marc:subfield>
               </marc:datafield>
               <marc:datafield tag="SID" ind1=" " ind2=" ">
                  <marc:subfield code="a">Z39</marc:subfield>
                  <marc:subfield code="b">LOC</marc:subfield>
               </marc:datafield>
               <marc:datafield tag="CRD" ind1=" " ind2=" ">
                  <marc:subfield code="a">BIB20081126</marc:subfield>
               </marc:datafield>
               <marc:datafield tag="Z30" ind1="-" ind2="1">
                  <marc:subfield code="l">RUG01</marc:subfield>
                  <marc:subfield code="L">RUG01</marc:subfield>
                  <marc:subfield code="m">BOOK</marc:subfield>
                  <marc:subfield code="x">UB</marc:subfield>
                  <marc:subfield code="1">CA20</marc:subfield>
                  <marc:subfield code="2">BIB</marc:subfield>
                  <marc:subfield code="3">BIB.ACC.046622</marc:subfield>
                  <marc:subfield code="5">000000616195</marc:subfield>
                  <marc:subfield code="8">20081126</marc:subfield>
                  <marc:subfield code="f">03</marc:subfield>
                  <marc:subfield code="F">magazijn/CONSULT</marc:subfield>
               </marc:datafield>
            </marc:record>
         </recordData>
         <recordPosition>10</recordPosition>
      </record>
   </records>
   <extraResponseData />
   <echoedSearchRetrieveRequest>
      <version>1.1</version>
      <query>author="samuelson"</query>
      <startRecord>1</startRecord>
      <maximumRecords>10</maximumRecords>
      <recordSchema>marcxml</recordSchema>
      <xQuery>
         <searchClause xmlns="http://www.loc.gov/zing/cql/xcql/">
            <index>author</index>
            <relation>
               <value>=</value>
            </relation>
            <term>samuelson</term>
         </searchClause>
      </xQuery>
   </echoedSearchRetrieveRequest>
</searchRetrieveResponse>

